@Article{Abramson2009,
  author    = {Abramson, Paul R. and Aldrich, John H. and Blais, André and Diamond, Matthew and Diskin, Abraham and Indridason, Indridi H. and Lee, Daniel J. and Levine, Renan},
  journal   = {Comparative Political Studies},
  title     = {Comparing Strategic Voting Under FPTP and PR},
  year      = {2009},
  issn      = {1552-3829},
  month     = jul,
  number    = {1},
  pages     = {61--90},
  volume    = {43},
  doi       = {10.1177/0010414009341717},
  publisher = {SAGE Publications},
}

@Article{Abramson2013,
  author    = {Abramson, Paul R and Aldrich, John H and Diskin, Abraham and Houck, Aaron M and Levine, Renan and Scotto, Thomas J},
  journal   = {Electoral Studies},
  title     = {The {B}ritish general election of 2010 under different voting rules},
  year      = {2013},
  number    = {1},
  pages     = {134--139},
  volume    = {32},
  doi       = {https://doi.org/10.1016/j.electstud.2012.10.002},
  publisher = {Elsevier},
}

@Article{Abramson1995,
  author    = {Abramson, Paul R and Aldrich, John H and Paolino, Phil and Rohde, David W},
  journal   = {Political Science Quarterly},
  title     = {Third-party and independent candidates in {A}merican politics: {W}allace, {A}nderson, and {P}erot},
  year      = {1995},
  number    = {3},
  pages     = {349--367},
  volume    = {110},
  doi       = {https://doi.org/10.2307/2152568},
  publisher = {JSTOR},
}

@Article{Agresti1998,
  author    = {Agresti, Alan and Coull, Brent A.},
  journal   = {The American Statistician},
  title     = {Approximate is Better than 'Exact' for Interval Estimation of Binomial Proportions},
  year      = {1998},
  number    = {2},
  pages     = {119--126},
  volume    = {52},
  doi       = {10.1080/00031305.1998.10480550},
  publisher = {Informa UK Limited},
}


@Conference{Aldrich2011,
  author    = {Aldrich, John and Houck, Aaron and Abramson, Paul and Levine, Renan and Scotto, Thomas J.},
  booktitle = {APSA 2011 Annual Meeting Paper},
  title     = {Strategic Voting in the 2010 {UK} Election},
  year      = {2011},
  note      = {Available at SSRN: \url{https://ssrn.com/abstract=1901665}},
  url       = {https://ssrn.com/abstract=1901665},
}

@Article{Arrow1950,
  author    = {Kenneth J. Arrow},
  journal   = {Journal of Political Economy},
  title     = {A Difficulty in the Concept of Social Welfare},
  year      = {1950},
  issn      = {0022-3808},
  number    = {4},
  pages     = {328-346},
  volume    = {58},
  doi       = {10.1086/256963},
  publisher = {University of Chicago Press},
}

@Article{Balasko1997,
  author    = {Yves Balasko and Herv\'{e} Cr\`{e}s},
  journal   = {Journal of Economic Theory},
  title     = {The Probability of {C}ondorcet Cycles and Super Majority Rules},
  year      = {1997},
  issn      = {0022-0531},
  number    = {2},
  pages     = {237-270},
  volume    = {75},
  doi       = {10.1006/jeth.1996.2233},
  publisher = {Elsevier BV},
}

@Article{Barbaro2022,
  author    = {Salvatore Barbaro and Anna Specht},
  journal   = {German Politics},
  title     = {Condorcet Method, Independence of Irrelevant Alternatives, and the Size of the {B}undestag},
  year      = {2024},
  number    = {3},
  pages     = {611-639},
  volume    = {33},
  doi       = {10.1080/09644008.2022.2120611},
  publisher = {Informa UK Limited},
}

@Article{Barbera2023,
  author    = {Barberà, Salvador and Bossert, Walter},
  journal   = {SSRN Electronic Journal},
  title     = {Intermediate {C}ondorcet Winners and Losers},
  year      = {2023},
  issn      = {1556-5068},
  doi       = {10.2139/ssrn.4320762},
  publisher = {Elsevier BV},
}

@Book{Condorcet1785,
  author    = {{Jean-Antoine-Nicolas de Caritat Marquis de} Condorcet},
  publisher = {Pergamon Press},
  title     = {Essai sur l'application de l'analyse à la probabilité des décisions rendues à la pluralité des voix ([Reprod.])},
  year      = {1785},
  address   = {Oxford},
  series    = {The French Revolution Research Collection / Les archives de la Revolution Francaise},
}

@Article{Chamberlin1984,
  author    = {John R. Chamberlin and Jerry L. Cohen and Clyde H. Coombs},
  journal   = {Journal of Politics},
  title     = {Social Choice Observed: {F}ive Presidential Elections of the {A}merican {P}sychological {A}ssociation},
  year      = {1984},
  issn      = {0022-3816},
  month     = {may},
  number    = {2},
  pages     = {479-502},
  volume    = {46},
  doi       = {10.2307/2130971},
  publisher = {University of Chicago Press},
}

@Article{CSES2020,
  author    = {{CSES}},
  journal   = {The Comparative Study of Electoral Systems.},
  title     = {{CSES} INTEGRATED MODULE DATASET {(IMD)} [dataset and documentation]. February 27, 2024 version.},
  year      = {2024},
  doi       = {10.7804/cses.imd.2024-02-27},
  publisher = {CSES - Comparative Study of Electoral Systems},
}

@article{Darmann2019,
  author    = {Darmann, Andreas and Grundner, Julia and Klamler, Christian},
  journal   = {European Journal of Political Economy},
  title     = {Evaluative voting or classical voting rules: {D}oes it make a difference? {E}mpirical evidence for consensus among voting rules},
  year      = {2019},
  pages     = {345--353},
  volume    = {59},
  doi       = {10.1016/j.ejpoleco.2019.04.003},
  publisher = {Elsevier BV},
}

@Article{Dasgupta2004,
  author  = {Partha Dasgupta and Eric Maskin},
  journal = {Scientific American},
  title   = {The Fairest Vote of all},
  year    = {2004},
  pages   = {92-97},
  volume  = {290},
  doi     = {10.1038/scientificamerican0304-92},
}

@Article{Dasgupta2008,
  author  = {Partha Dasgupta and Eric Maskin},
  journal = {Journal of the European Economic Association},
  title   = {On The Robustness of Majority Rule},
  year    = {2008},
  issn    = {1542-4766},
  pages   = {949-973},
  volume  = {6},
  doi     = {10.1162/jeea.2008.6.5.949},
}

@Article{Dasgupta2020,
  author  = {Dasgupta, Partha and Maskin, Eric},
  journal = {American Economic Review: Insights},
  title   = {Strategy-Proofness, Independence of Irrelevant Alternatives, and Majority Rule},
  year    = {2020},
  number  = {4},
  pages   = {459-474},
  volume  = {2},
  doi     = {10.1257/aeri.20200178},
}

@article{Desai2025,
 author = {Zuheir Desai and Tasos Kalandrakis},
 journal = {The Journal of Politics},
 title = {The Core of the party system},
 volume = {(forthc.)},
 pages = {},
 year = {2025},
 doi = {10.1086/734262},
}

@Article{Eggers2024,
  author    = {Eggers, Andrew C. and Nowacki, Tobias},
  journal   = {The Journal of Politics},
  title     = {Susceptibility to Strategic Voting: {A} Comparison of {P}lurality and {I}nstant-{R}unoff Elections},
  year      = {2024},
  number    = {2},
  pages     = {521--534},
  volume    = {86},
  doi       = {10.1086/726943},
  publisher = {University of Chicago Press},
}

@Article{Eggers2022,
  author    = {Eggers, Andrew C. and Rubenson, Daniel and Loewen, Peter J.},
  journal   = {The Journal of Politics},
  title     = {Who Votes More Strategically? Evidence from Canada},
  year      = {2022},
  issn      = {1468-2508},
  month     = jul,
  number    = {3},
  pages     = {1862--1868},
  volume    = {84},
  doi       = {10.1086/717296},
  publisher = {University of Chicago Press},
}

@Article{Eggers2020,
  author    = {Eggers, Andrew C. and Vivyan, Nick},
  journal   = {American Political Science Review},
  title     = {Who Votes More Strategically?},
  year      = {2020},
  number    = {2},
  pages     = {470--485},
  volume    = {114},
  doi       = {10.1017/s0003055419000820},
  publisher = {Cambridge University Press (CUP)},
}

@Article{Feizi2020,
  author    = {Feizi, Mehdi and Ramezanian, Rasoul and Malek Sadati, Saeed},
  journal   = {Economics of Governance},
  title     = {Borda paradox in the 2017 {I}ranian presidential election: {E}mpirical evidence from opinion polls},
  year      = {2020},
  pages     = {101--113},
  volume    = {21},
  doi       = {10.1007/s10101-019-00233-3},
  publisher = {Springer},
}

@Article{Feld1992,
  author    = {Scott L. Feld and Bernard Grofman},
  journal   = {Journal of Theoretical Politics},
  title     = {Who's Afraid of the Big Bad Cycle? {E}vidence from 36 Elections},
  year      = {1992},
  issn      = {0951-6298},
  number    = {2},
  pages     = {231-237},
  volume    = {4},
  doi       = {10.1177/0951692892004002007},
  publisher = {SAGE Publications},
}

@Article{Garman1968,
  author    = {Mark B. Garman and Morton I. Kamien},
  journal   = {Behavioral Science},
  title     = {The paradox of voting: {P}robability calculations},
  year      = {1968},
  issn      = {0005-7940},
  number    = {4},
  pages     = {306-316},
  volume    = {13},
  doi       = {10.1002/bs.3830130405},
  publisher = {Wiley},
}

@Article{Gehrlein2002,
  author    = {Gehrlein, William V.},
  journal   = {Theory and Decision},
  title     = {Condorcet's paradox and the likelihood of its occurrence: different perspectives on balanced preferences},
  year      = {2002},
  issn      = {0040-5833},
  number    = {2},
  pages     = {171--199},
  volume    = {52},
  doi       = {10.1023/a:1015551010381},
  publisher = {Springer},
}

@Book{Gehrlein2006,
  author    = {William V. Gehrlein},
  publisher = {Springer},
  title     = {Condorcet's Paradox},
  year      = {2006},
  address   = {Berlin},
  isbn      = {9783540337980},
  series    = {Theory and Decision Library},
  volume    = {40},
  booktitle = {Condorcet's Paradox},
  doi       = {10.1007/3-540-33799-7},
}

@Article{Gehrlein1976,
  author    = {William V. Gehrlein and Peter C. Fishburn},
  journal   = {Journal of Economic Theory},
  title     = {The probability of the paradox of voting: {A} computable solution},
  year      = {1976},
  issn      = {0022-0531},
  number    = {1},
  pages     = {14-25},
  volume    = {13},
  doi       = {10.1016/0022-0531(76)90063-6},
  publisher = {Elsevier BV},
}

@Article{Gehrlein1998,
  author    = {Gehrlein, William V. and Lepelley, Dominique},
  journal   = {Journal of Mathematical Economics},
  title     = {The {C}ondorcet efficiency of {A}pproval {V}oting and the probability of electing the {C}ondorcet loser},
  year      = {1998},
  number    = {3},
  pages     = {271--283},
  volume    = {29},
  doi       = {10.1016/s0304-4068(97)00020-7},
  publisher = {Elsevier BV},
}


@Article{Greenberg1979,
  author    = {Joseph Greenberg},
  journal   = {Econometrica},
  title     = {Consistent Majority Rules over Compact Sets of Alternatives},
  year      = {1979},
  issn      = {0012-9682},
  number    = {3},
  pages     = {627},
  volume    = {47},
  doi       = {10.2307/1910410},
  publisher = {JSTOR},
}

@Article{Jones1995,
  author    = {Jones, Bradford and Radcliff, Benjamin and Taber, Charles and Timpone, Richard},
  journal   = {American Political Science Review},
  title     = {Condorcet Winners and the Paradox of Voting: {P}robability Calculations for Weak Preference Orders},
  year      = {1995},
  issn      = {1537-5943},
  month     = mar,
  number    = {1},
  pages     = {137--144},
  volume    = {89},
  doi       = {10.2307/2083080},
  publisher = {Cambridge University Press (CUP)},
}

@Article{Kalandrakis2022,
  author    = {Kalandrakis, Tasos},
  journal   = {The Journal of Politics},
  title     = {One-Dimensional Scaling without Apologies},
  year      = {2022},
  number    = {4},
  pages     = {2034--2048},
  volume    = {84},
  doi       = {10.1086/720309},
  publisher = {University of Chicago Press},
}

@Article{Kaminski2018,
  author    = {Marek M. Kaminski},
  journal   = {Public Choice},
  title     = {Spoiler effects in proportional representation systems: {E}vidence from eight {P}olish parliamentary elections, 1991-2015},
  year      = {2018},
  number    = {3-4},
  pages     = {441--460},
  volume    = {176},
  doi       = {10.1007/s11127-018-0565-x},
  publisher = {Springer Science and Business Media {LLC}},
}

@Article{KurrildKlitgaard2001,
  author    = {Kurrild-Klitgaard, Peter},
  journal   = {Public Choice},
  title     = {An Empirical Example of the {C}ondorcet Paradox of Voting in a Large Electorate},
  year      = {2001},
  number    = {1/2},
  pages     = {135--145},
  volume    = {107},
  doi       = {10.1023/a:1010304729545},
  publisher = {Springer},
}

@Article{KurrildKlitgaard2008,
  author    = {Peter Kurrild-Klitgaard},
  journal   = {Scandinavian Political Studies},
  title     = {Voting Paradoxes under Proportional Representation: {E}vidence from Eight {D}anish Elections},
  year      = {2008},
  number    = {3},
  pages     = {242--267},
  volume    = {31},
  doi       = {10.1111/j.1467-9477.2008.00205.x},
  publisher = {Wiley},
}

@Article{Kurrild2018,
  author    = {Kurrild-Klitgaard, Peter},
  journal   = {European Journal of Political Economy},
  title     = {Trump, {C}ondorcet and {B}orda: Voting paradoxes in the 2016 {R}epublican presidential primaries},
  year      = {2018},
  pages     = {29--35},
  volume    = {55},
  doi       = {10.1016/j.ejpoleco.2017.10.003},
  publisher = {Elsevier},
}

@Article{Lachat2024,
  author    = {Romain Lachat and Jean-François Laslier},
  journal   = {European Journal of Political Economy},
  title     = {Alternatives to plurality rule for single-winner elections: {W}hen do they make a difference?},
  year      = {2024},
  pages     = {102505},
  volume    = {81},
  doi       = {10.1016/j.ejpoleco.2024.102505},
  publisher = {Elsevier BV},
}

@Article{Lepelley2001,
  author    = {Dominique Lepelley and Mathieu Martin},
  journal   = {European Journal of Political Economy},
  title     = {Condorcet's paradox for weak preference orderings},
  year      = {2001},
  number    = {1},
  pages     = {163-177},
  volume    = {17},
  doi       = {10.1016/s0176-2680(00)00034-3},
  publisher = {Elsevier BV},
}

@Article{Maskin2024,
  author  = {Eric Maskin},
  journal = {Journal of Political Economy},
  title   = {Borda’s Rule and {A}rrow’s Independence Condition},
  year    = {2025},
  volume  = {133 (forthc.)},
  doi     = {10.1086/732892},
}

@Misc{Maskin2016,
  author       = {Maskin, Eric and Sen, Amartya},
  howpublished = {The New York Times, April 28, 2016},
  month        = apr,
  title        = {How Majority Rule Might Have Stopped {D}onald {T}rump},
  year         = {2016},
  url          = {https://www.nytimes.com/2016/05/01/opinion/sunday/how-majority-rule-might-have-stopped-donald-trump.html},
}

@Misc{Maskin2017a,
  author       = {Maskin, Eric and Sen, Amartya},
  howpublished = {The New York Review; June 8, 2017},
  month        = {jun},
  title        = {A Better Way to Choose Presidents},
  year         = {2017},
  url          = {https://www.nybooks.com/articles/2017/06/08/a-better-way-to-choose-presidents/},
}

@Misc{Maskin2017,
  author       = {Maskin, Eric and Sen, Amartya},
  howpublished = {The New York Review; January 19, 2017},
  month        = {jan},
  title        = {The Rules of the Game: {A} New Electoral System},
  year         = {2017},
  url          = {https://www.nybooks.com/articles/2017/01/19/rules-of-the-game-new-electoral-system/},
}

@Article{McDonald2012,
  author    = {McDonald, Michael D. and Budge, Ian and Best, Robin E.},
  journal   = {Comparative Political Studies},
  title     = {Electoral Majorities, Political Parties, and Collective Representation},
  year      = {2012},
  number    = {9},
  pages     = {1104--1131},
  volume    = {45},
  doi       = {10.1177/0010414011434008},
  publisher = {SAGE Publications},
}

@InCollection{McLean2019,
  author    = {Iain McLean},
  booktitle = {The Mathematical World of Charles L. Dodgson (Lewis Carroll)},
  publisher = {Oxford University Press},
  title     = {Voting},
  year      = {2019},
  address   = {Oxford},
  editor    = {R. Wilson and A. Moktefi},
  pages     = {121-140},
  doi       = {10.1093/oso/9780198817000.003.0005},
}

@Article{Merlin2004,
  author    = {Merlin, Vincent and Valognes, Fabrice},
  journal   = {Mathematical Social Sciences},
  title     = {The impact of indifferent voters on the likelihood of some voting paradoxes},
  year      = {2004},
  number    = {3},
  pages     = {343--361},
  volume    = {48},
  doi       = {10.1016/j.mathsocsci.2004.04.002},
  publisher = {Elsevier BV},
}

@Article{Miller2019,
  author    = {Nicholas R. Miller},
  journal   = {Public Choice},
  title     = {Reflections on {A}rrow's Theorem and Voting Rules},
  year      = {2019},
  month     = {feb},
  number    = {1-2},
  pages     = {113--124},
  volume    = {179},
  doi       = {10.1007/s11127-018-0524-6},
  publisher = {Springer Science and Business Media {LLC}},
}

@Book{Moulin2014,
  author    = {Moulin, Hervé},
  publisher = {Princeton University Press},
  title     = {Cooperative Microeconomics},
  year      = {2014},
  address   = {Princeton},
  isbn      = {9780691608082},
  series    = {Princeton Legacy Library},
  subtitle  = {A Game-Theoretic Introduction},
}

@Article{Niemi1969,
  author    = {Niemi, Richard G},
  journal   = {American Political Science Review},
  title     = {Majority decision-making with partial unidimensionality},
  year      = {1969},
  number    = {2},
  pages     = {488--497},
  volume    = {63},
  doi       = {10.2307/1954702},
  publisher = {Cambridge University Press},
}

@Article{Nunez2024,
  author    = {Núñez, Lucas},
  journal   = {American Journal of Political Science},
  title     = {Encouraging loyalty and defection: {T}he impact of campaigns on tactical voting in {B}ritain},
  year      = {2024},
  doi       = {10.1111/ajps.12882},
  publisher = {Wiley},
}

@Article{Popov2014,
  author    = {Popov, Sergey V and Popova, Anna and Regenwetter, Michel},
  journal   = {Decision},
  title     = {Consensus in organizations: Hunting for the social choice conundrum in {APA} elections.},
  year      = {2014},
  number    = {2},
  pages     = {123},
  volume    = {1},
  doi       = {10.1037/dec0000010},
  publisher = {Educational Publishing Foundation},
}

@Article{Potthoff2021,
  author    = {Potthoff, Richard F and Munger, Michael C},
  journal   = {American Politics Research},
  title     = {Condorcet Loser in 2016: Apparently {T}rump; {C}ondorcet Winner: {N}ot {C}linton?},
  year      = {2021},
  number    = {6},
  pages     = {618--636},
  volume    = {49},
  doi       = {10.1177/1532673X2110094},
  publisher = {SAGE Publications Sage CA: Los Angeles, CA},
}

@Article{vote,
	title = {{The vote Package: Single Transferable Vote and Other Electoral Systems in R}},
	author = {Adrian E. Raftery and Hana \v{S}ev\v{c}{\'\i}kov\'{a} and Bernard W. Silverman},
	journal = {{The R Journal}},
	year = {2021},
	volume = {13},
	number = {2},
	pages = {673--696},
	doi = {10.32614/RJ-2021-086},
}

@Article{Regenwetter1998,
  author    = {Michel Regenwetter and Bernard Grofman},
  journal   = {Management Science},
  title     = {Approval Voting, {B}orda Winners, and {C}ondorcet Winners: Evidence from Seven Elections},
  year      = {1998},
  issn      = {0025-1909},
  month     = {apr},
  number    = {4},
  pages     = {520-533},
  volume    = {44},
  doi       = {10.1287/mnsc.44.4.520},
  publisher = {Institute for Operations Research and the Management Sciences ({INFORMS})},
}

@Article{Regenwetter2002,
  author    = {Regenwetter, Michel and Grofman, Bernard and Marley, A.A.J.},
  journal   = {Mathematical Social Sciences},
  title     = {On the model dependence of majority preference relations reconstructed from ballot or survey data},
  year      = {2002},
  issn      = {0165-4896},
  month     = jul,
  number    = {3},
  pages     = {451--466},
  volume    = {43},
  doi       = {10.1016/s0165-4896(02)00022-7},
  publisher = {Elsevier BV},
}

@Book{Regenwetter2006,
  author    = {Michel Regenwetter and Bernard Grofman and A. A. J. Marley and Ilia Tsetlin},
  publisher = {Cambridge University Press},
  title     = {Behavioral social choice},
  year      = {2006},
  address   = {Cambridge},
  isbn      = {9780521536660},
  pagetotal = {240},
  ppn_gvk   = {49838019X},
  subtitle  = {Probabilistic models, statistical inference, and applications},
}

@Article{Regenwetter2007,
  author    = {Michel Regenwetter and Aeri Kim and Arthur Kantor and Moon-Ho R. Ho},
  journal   = {Psychological Science},
  title     = {The Unexpected Empirical Consensus Among Consensus Methods},
  year      = {2007},
  number    = {7},
  pages     = {629-635},
  volume    = {18},
  doi       = {10.1111/j.1467-9280.2007.01950.x},
  publisher = {SAGE Publications},
}

@Book{Riker1988,
  author    = {Riker, William H.},
  publisher = {Waveland Press},
  title     = {Liberalism Against Populism},
  year      = {1988},
  address   = {Prospect Heights, Ill},
  isbn      = {0881333670},
  subtitle  = {A confrontation between the theory of democracy and the theory of social choice},
}

@Article{Rothschild2005,
 author    = {Rothschild, Emma},
 journal   = {Social Choice and Welfare},
 title     = {Axiom, theorem, corollary \&c.: {C}ondorcet and mathematical economics},
 year      = {2005},
 number    = {2–3},
 pages     = {287--302},
 volume    = {25},
 doi       = {10.1007/s00355-005-0004-z},
 publisher = {Springer Science and Business Media LLC},
}

@Article{Saari2000a,
	author  = {Donald G. Saari},
	journal = {Economic Theory},
	title   = {Mathematical Structure of Voting Paradoxes: I. Pairwise Votes},
	year    = {2000},
	issn    = {0938-2259},
	pages   = {1-53},
	volume  = {15},
	doi     = {10.1007/s001990050001},
}

@Misc{Sauermann2022,
  author    = {Sauermann, Lisa},
  title     = {On the probability of a {C}ondorcet winner among a large number of alternatives},
  year      = {2022},
  doi       = {10.48550/ARXIV.2203.13713},
  publisher = {arXiv},
}

@Article{Sen1966,
  author    = {Amartya Sen},
  journal   = {Econometrica},
  title     = {A Possibility Theorem on Majority Decisions},
  year      = {1966},
  number    = {2},
  pages     = {491--499},
  volume    = {34},
  doi       = {10.2307/1909947},
  publisher = {[Wiley, Econometric Society]},
}

@Book{Sen2017,
  author    = {Sen, Amartya},
  publisher = {Harvard University Press},
  title     = {Collective Choice and Social Welfare},
  year      = {2017},
  address   = {Cambridge, Massachusetts},
  isbn      = {978-0-674-97160-8},
}

@article{Rvote,
	author    = {Hana \v{S}ev\v{c}{\'\i}kov\'{a} and Salvatore Barbaro},
	title = {The vote Package: {S}ingle {T}ransferable {V}ote and Other Electoral Systems in {R}},
	journal    = {The R Journal},
	volume    = {13},
	number    = {2},
	pages     = {673-696},
	doi = {10.32614/RJ-2021-086}
}

@article{Tideman1995,
  Author = {Tideman, Nicolaus},
  Title = {The Single Transferable Vote},
  Journal = {Journal of Economic Perspectives},
  Volume = {9},
  Number = {1},
  Year = {1995},
  Pages = {27–38},
  DOI = {10.1257/jep.9.1.27}
}

@Book{Tideman2009,
  author    = {Tideman, Nicolaus},
  publisher = {Ashgate},
  title     = {Collective Decisions and Voting},
  year      = {2009},
  address   = {Aldershot},
  isbn      = {9780754647171},
  subtitle  = {The potential for public choice},
}

@Article{vanDeemen1993,
  author    = {Van Deemen, Adrian},	
  journal   = {Electoral Studies},
  title     = {Paradoxes of voting in list systems of proportional representation},
	year      = {1993},
	issn      = {0261-3794},
	number    = {3},
	pages     = {234-241},
	volume    = {12},
	doi       = {10.1016/0261-3794(93)90025-f},
	publisher = {Elsevier {BV}},
}

@Article{VanDeemen2013,
  author    = {Van Deemen, Adrian},
  journal   = {Public Choice},
  title     = {On the empirical relevance of {C}ondorcet’s paradox},
  year      = {2013},
  number    = {3–4},
  pages     = {311--330},
  volume    = {158},
  doi       = {10.1007/s11127-013-0133-3},
  publisher = {Springer Science and Business Media LLC},
}

@article{vanDeemen1998,
  title={Empirical evidence of paradoxes of voting in {D}utch elections},
  author={Van Deemen, Adrian and Vergunst, No{\"e}l P},
  journal={Public Choice},
  volume={97},
  number={3},
  pages={475--490},
  year={1998},
  publisher={Springer},
doi = {https://doi.org/10.1023/A:1005098111179}
}

@Comment{jabref-meta: databaseType:bibtex;}

@Comment{jabref-meta: saveOrderConfig:specified;author;false;year;false;title;false;citationkey;false;}
